<record><leader>00000cas a22000007a 4500</leader><controlfield tag="001">25703852</controlfield><controlfield tag="008">920424d18521875mauwr ne      0    0eng d</controlfield><datafield ind1=" " ind2=" " tag="010"><subfield code="a">sn 92056720 </subfield></datafield><datafield ind1=" " ind2=" " tag="040"><subfield code="a">MGN</subfield><subfield code="b">eng</subfield><subfield code="c">MGN</subfield><subfield code="d">OCLCQ</subfield></datafield><datafield ind1=" " ind2=" " tag="042"><subfield code="a">msc</subfield></datafield><datafield ind1="0" ind2=" " tag="130"><subfield code="a">Christian era (Boston, Mass.)</subfield></datafield><datafield ind1="1" ind2="4" tag="245"><subfield code="a">The Christian era.</subfield></datafield><datafield ind1=" " ind2=" " tag="260"><subfield code="a">Boston, Mass. :</subfield><subfield code="b">Amos Webster</subfield></datafield><datafield ind1=" " ind2=" " tag="300"><subfield code="a">v.</subfield></datafield><datafield ind1=" " ind2=" " tag="310"><subfield code="a">Weekly</subfield></datafield><datafield ind1="1" ind2=" " tag="362"><subfield code="a">Began in July 1852; ceased in 1875.</subfield></datafield><datafield ind1=" " ind2=" " tag="580"><subfield code="a">Merged with: Watchman &amp; reflector, to form: Watchman.</subfield></datafield><datafield ind1=" " ind2=" " tag="588"><subfield code="a">Description based on: Vol. 13, no. 49 (Dec. 9, 1864).</subfield></datafield><datafield ind1=" " ind2=" " tag="752"><subfield code="a">United States</subfield><subfield code="b">Massachusetts</subfield><subfield code="c">Suffolk</subfield><subfield code="d">Boston.</subfield></datafield><datafield ind1="1" ind2="7" tag="785"><subfield code="t">Watchman &amp; reflector</subfield><subfield code="w">(DLC)sn 86077251</subfield></datafield><datafield ind1="1" ind2="7" tag="785"><subfield code="t">Watchman</subfield><subfield code="w">(OCoLC)6934443</subfield></datafield></record>